<?xml version="1.0" encoding="UTF-8"?><collection xmlns="http://www.loc.gov/MARC21/slim"><record><leader>00336nam--2200109-i-4500</leader><controlfield tag="001">000027472</controlfield><controlfield tag="002">20161230</controlfield><controlfield tag="005">20161230201036</controlfield><controlfield tag="008">060222s1000------------r-----000-0-eng-d</controlfield><datafield ind1=" " ind2=" " tag="245"><subfield code="a">Korpuskularphotographie iv. vortrage und diskussionen auf dem iv. int.kolloquim uber.</subfield></datafield><datafield ind1=" " ind2=" " tag="260"><subfield code="a">Munchen, Inst.Fur Wiss.Photographie, 1963. 700p</subfield></datafield><datafield ind1=" " ind2=" " tag="852"><subfield code="a">9199</subfield></datafield></record></collection>